@article{liu2021machine,
  title={Machine learning in orthodontics: Challenges and perspectives},
  author={Liu, Jialing and Chen, Ye and Li, Shihao and Zhao, Zhihe and Wu, Zhihong},
  journal={Advances in Clinical and Experimental Medicine},
  volume={30},
  number={10},
  pages={1065--1074},
  year={2021},
  publisher={Wroclaw Medical University}
}
@misc{tian2019adelaidet,
  author =       {Tian, Zhi and Chen, Hao and Wang, Xinlong and Liu, Yuliang and Shen, Chunhua},
  title =        {{AdelaiDet}: A Toolbox for Instance-level Recognition Tasks},
  howpublished = {\url{https://git.io/adelaidet}},
  year =         {2019}
}
