
@misc{輔仁大學理工學院生命科學系,
  title        = {蛋白質研究及教學主題},
  howpublished = “Website”,
  note         = {\url{https://www.bio.fju.edu.tw/teaching-excellence-project/content04/index.htm}},
}
@misc{protein_assays_methods,
  title        = {Overview of protein assays methods},
  howpublished = “Website”,
  note         = {\url{https://www.thermofisher.com/tw/zt/home/life-science/protein-biology/protein-biology-learning-center/protein-biology-resource-library/pierce-protein-methods/overview-protein-assays.html}},
}
@article{noble2009quantitation,
  title     = {Quantitation of protein},
  author    = {Noble, James E and Bailey, Marc JA},
  journal   = {Methods in enzymology},
  volume    = {463},
  pages     = {73--95},
  year      = {2009},
  publisher = {Elsevier},
}

@misc{Wikipedia_2023_Sephadex,
author = {},
title = {Sephadex - Wikipedia},
howpublished = {\url{https://en.wikipedia.org/wiki/Sephadex}},
month = {},
year = {},
note = {(Accessed on 10/24/2023)}
}
@misc{Sephadex65:online,
author = {},
title = {Sephadex G-50 Fine 9048-71-9},
howpublished = {\url{https://www.sigmaaldrich.com/TW/en/product/sigma/g5080}},
month = {},
year = {},
note = {(Accessed on 10/24/2023)}
}
@misc{Molecula6:online,
author = {},
title = {Molecular sieve - Wikipedia},
howpublished = {\url{https://en.wikipedia.org/wiki/Molecular_sieve}},
month = {},
year = {},
note = {(Accessed on 10/24/2023)}
}
@misc{YMCSECMA7:online,
author = {},
title = {YMC-SEC MAB/YMC-Pack Diol 分子篩層析管柱(Size exclusion chromatography, SEC) /凝膠過濾層析管住(Gel filtration chromatography, GFC) – YMC Taiwan Co., Ltd.},
howpublished = {\url{https://ymctaiwan.com/portfolio/ymc_sec/#1607415269821-f456a30f-6b38}},
month = {},
year = {},
note = {(Accessed on 10/24/2023)}
}
@misc{3電泳62:online,
author = {},
title = {電泳檢定法},
howpublished = {\url{http://juang.bst.ntu.edu.tw/ECX/Ana3.htm}},
month = {},
year = {},
note = {(Accessed on 11/13/2023)}
}
@misc{蛋白質17:online,
author = {},
title = {蛋白質},
howpublished = {\url{http://juang.bst.ntu.edu.tw/BC2008/Protein.htm#1.4}},
month = {},
year = {},
note = {(Accessed on 11/13/2023)}
}
@misc{v:online,
author = {},
title = {电泳技术},
howpublished = {\url{https://medicine.jlu.edu.cn/__local/D/FF/04/7A57C6DBDA6C88A034EE9FC33F9_97306A24_3EEAF.pdf?e=.pdf}},
month = {},
year = {},
note = {(Accessed on 11/13/2023)}
}
